<?xml version="1.0" encoding="utf-8"?>
<record xmlns="http://www.loc.gov/MARC21/slim" xmlns:xsi="http://www.w3.org/2001/XMLSchema-instance" xsi:schemaLocation="http://www.loc.gov/MARC21/slim http://www.loc.gov/standards/marcxml/schema/MARC21slim.xsd">
	<leader>     nam a22     Mi 4500</leader>
	<controlfield tag="001">478356</controlfield>
	<controlfield tag="003">NjP</controlfield>
	<controlfield tag="006">m        d        </controlfield>
	<controlfield tag="007">cr cn |||m|||a</controlfield>
	<controlfield tag="008">190221s1885    sy      o     000 0 ara d</controlfield>
	<datafield ind1=" " ind2=" " tag="040">
		<subfield code="a">ZYU</subfield>
		<subfield code="b">ara</subfield>
		<subfield code="e">rda</subfield>
		<subfield code="c">ZYU</subfield>
	</datafield>
	<datafield ind1=" " ind2="4" tag="050">
		<subfield code="a">KBP839.A35</subfield>
		<subfield code="b">H36 1885</subfield>
	</datafield>
	<datafield ind1="1" ind2=" " tag="100">
		<subfield code="6">880-01</subfield>
		<subfield code="a">Ḥamzah, Maḥmūd ibn Muḥammad Nasīb,</subfield>
		<subfield code="d">1820 or 1821-1887 or 1888.</subfield>
	</datafield>
	<datafield ind1="1" ind2="0" tag="245">
		<subfield code="6">880-02</subfield>
		<subfield code="a">al-Taḥrīr fī ḍamān al-maʼmūr wa-al-āmir wa-al-ajīr /</subfield>
		<subfield code="c">li-Maḥmūd Afandī al-Ḥamzāwī, Muftī Dimashq.</subfield>
	</datafield>
	<datafield ind1=" " ind2=" " tag="260">
		<subfield code="6">880-03</subfield>
		<subfield code="a">Dimashq :</subfield>
		<subfield code="b">Majlis al-Maʻārif,</subfield>
		<subfield code="c">1303 [1885]</subfield>
	</datafield>
	<datafield ind1=" " ind2=" " tag="300">
		<subfield code="a">online resource (10 pamphlets in 1 volume)</subfield>
	</datafield>
	<datafield ind1=" " ind2=" " tag="336">
		<subfield code="a">text</subfield>
		<subfield code="2">rdacontent</subfield>
	</datafield>
	<datafield ind1=" " ind2=" " tag="337">
		<subfield code="a">computer</subfield>
		<subfield code="2">rdamedia</subfield>
	</datafield>
	<datafield ind1=" " ind2=" " tag="338">
		<subfield code="a">online resource</subfield>
		<subfield code="2">rdacarrier</subfield>
	</datafield>
	<datafield ind1=" " ind2=" " tag="500">
		<subfield code="a">Index on p. facing title page.</subfield>
	</datafield>
	<datafield ind1=" " ind2=" " tag="500">
		<subfield code="a">Part of the Arabic Collections Online (ACO) project, contributed by Princeton University Libraries.</subfield>
	</datafield>
	<datafield ind1="0" ind2=" " tag="505">
		<subfield code="a">al-Taḥrīr fī ḍamān al-maʼmūr wa-al-āmir wa-al-ajīr -- Risālah fī khalal al-maḥāḍir wa-al-sijillāt -- al-Nūr al-lāmiʻ fī uṣūl al-jāmiʻ -- Īḍāḥ al-maqāl fī al-dirham wa-al-mithqāl -- Miṣbāḥ al-dirāyah fī iṣṭilāḥ al-hidāyah -- Tanbīh al-khawāṣṣ ʻalá anna al-imḍāʼ min al-qaḍāʼ fī al-ḥudūd lā fī al-qiṣāṣ -- Risālat kashf al-majānah ʻan al-ghusl fī al-ijjānah -- Fatwá al-khawāṣṣ fī ḥill mā ṣīda bi-al-raṣāṣ -- al-Tafāwuḍ fī al-tanāquḍ -- Kashf al-sutūr ʻan ṣiḥḥat al-muhāyʼah fī al-maʼjūr.</subfield>
	</datafield>
	<datafield ind1=" " ind2=" " tag="533">
		<subfield code="a">Electronic reproduction.</subfield>
		<subfield code="b">New York, N.Y. :</subfield>
		<subfield code="c">New York University,</subfield>
		<subfield code="d">2019.</subfield>
		<subfield code="5">NNU</subfield>
	</datafield>
	<datafield ind1=" " ind2="0" tag="650">
		<subfield code="a">Islamic law</subfield>
		<subfield code="x">Interpretation and construction.</subfield>
	</datafield>
	<datafield ind1=" " ind2="7" tag="650">
		<subfield code="a">Islamic law</subfield>
		<subfield code="x">Interpretation and construction.</subfield>
		<subfield code="2">fast</subfield>
		<subfield code="0">(OCoLC)fst00979955</subfield>
	</datafield>
	<datafield ind1="2" ind2=" " tag="710">
		<subfield code="a">Princeton University.</subfield>
		<subfield code="b">Library.</subfield>
	</datafield>
	<datafield ind1="0" ind2=" " tag="730">
		<subfield code="a">Arabic Collections Online.</subfield>
	</datafield>
	<datafield ind1="0" ind2="8" tag="776">
		<subfield code="i">Print version:</subfield>
		<subfield code="a">Ḥamzah, Maḥmūd ibn Muḥammad Nasīb, 1820 or 1821-1887 or 1888.</subfield>
		<subfield code="t">al-Taḥrīr fī ḍamān al-maʼmūr wa-al-āmir wa-al-ajīr</subfield>
		<subfield code="w">(NjP)478356</subfield>
		<subfield code="w">(OCoLC)26231907</subfield>
	</datafield>
	<datafield ind1="4" ind2="0" tag="856">
		<subfield code="u">http://hdl.handle.net/2333.1/0zpc8f39</subfield>
	</datafield>
	<datafield ind1="1" ind2=" " tag="880">
		<subfield code="6">100-01</subfield>
		<subfield code="a">حمزة، محمود بن محمد نسيب،‎‎</subfield>
		<subfield code="d">1820 or 1821-1887 or 1888.</subfield>
	</datafield>
	<datafield ind1="1" ind2="0" tag="880">
		<subfield code="6">245-02</subfield>
		<subfield code="a">التحرير في ضمان المأمور والآمر والاجير /‎‎</subfield>
		<subfield code="c">لمحمود افندي الحمزاوي، مفتي دمشق.‎‎</subfield>
	</datafield>
	<datafield ind1=" " ind2=" " tag="880">
		<subfield code="6">260-03</subfield>
		<subfield code="a">دمشق :‎‎</subfield>
		<subfield code="b">مجلس المعارف،‎‎</subfield>
		<subfield code="c">1303 [1885]</subfield>
	</datafield>
	<datafield ind1=" " ind2=" " tag="959">
		<subfield code="a">NNU</subfield>
		<subfield code="b">WEB</subfield>
		<subfield code="c">GENI</subfield>
		<subfield code="t">0</subfield>
		<subfield code="m">Electronic access</subfield>
		<subfield code="s">01</subfield>
	</datafield>
	<datafield ind1=" " ind2=" " tag="999">
		<subfield code="i">NjP_478356</subfield>
		<subfield code="o">(OCoLC)ocm26231907</subfield>
		<subfield code="s">princeton_aco001774</subfield>
		<subfield code="e">(ERROR-880)(ERROR-MISC)</subfield>
		<subfield code="s">princeton_aco001774</subfield>
	</datafield>
</record>
